 @article{Осн.инф,
        author = {{Brent Foster, Ulas Bagci, Awais Mansoor, Ziyue Xu,Daniel J. Mollura}},
        title={A Review on Segmentation of Positron Emission Tomography
                Images},
        journal = {Computers in Biology and Medicine},
        year={2014},
        pages={76-96}
 
 }
 
 @article{ПЭТ/КТ, 
    author={{А.И. Пронин, М.Б. Долгушин, А.С. Люосев, к.м.н. А.А. Оджарова, Д.И. Невзоров,
    Э.А. Нечипай, Т.Г. Гаспарян}},
    place={М.}, 
    title={Возможности ПЭТ/КТ с 18 F-ФЭТ у пациента с глиомой головного
    мозга (случай из практики и обзор литературы)}, 
    journal={Вопросы нейрохирургии}, 
    publisher={Медиа Сфера}, 
    year={2018}, 
    pages={95-99}}

 @article{Дифф.диагностика, 
          author={{Н.А. Костеников, Л.А. Тютин, Н.П. Фадеев, А.Ф. Панфиленко, Е.М. Зыков, Ю.Р. Илющенко,О.Ю. Макеева}},
          place={М.}, 
          title={Дифференциальная диагностика глиом головного мозга
          методом позитронной эмиссионной томографии
          с различными радиофармпрепаратами}, 
          number={5}, 
          journal={Вестник рентгенологии и радиологии},           
          year={2014}, 
          pages={13–18} }
 