 
 @article{MedicTherms,
   journal         = {Клинические рекомендации},
   title           = {Первичные опухоли центральной нервной системы},
   volume          = {58},
   year            = {2019}
 }
 
 @book{MolNeuro,
   author         = {Горбунова, В.Н. and Имянитов Е.Н. and Ледащева, Т.А. and Емацко, Д.Е. and Никифоров, Б.М. },
   publisher      = {Интермедика},
   title          = {Молекулярная неврология, часть III Опухоли головного мозга, онкогены и антионкогены},
   year           = {2004}
 }
 
 
 
 @article{NormRes,
   author          = {Emmanuelle, Bourigault and Daniel, R. McGowan and Abolfazl,  Mehranian and Bartlomiej, W. Papie˙z},
   journal         = {arXiv:2111.03848v1},
   number          = {eess.IV},
   title           = {Multimodal PET/CT Tumour Segmentation and
Prediction of Progression-Free Survival using a
Full-Scale UNet with Attention},
   volume          = {13},
   year            = {2021}
 }



@article{Unet,
  author          = {Ronneberger, O. and Fischer, P. and Brox T. },
  journal         = {International Conference on Medical image computing and computer-assisted intervention},
  title           = {U-net: Convolutional networks for biomedical image segmentation.},
  volume          = {7},
  year            = {2015}
}


@article{Cascaded,
  author          = {Lachinov,  Dmitry  and Vasiliev, Evgeny  and Turlapov, Vadim},
  journal         = {	arXiv:1810.04008},
  number          = {cs.CV},
  title           = {Glioma Segmentation with Cascaded Unet},
  volume          = {9},
  year            = {2018}
}



@article{BraTS,
  author          = { S., Bakas and  H., Akbari and A., Sotiras and M., Bilello and M., Rozycki and J.S., Kirby},
  journal         = {Nature Scientific Data},
  number          = {10.1038/sdata.2017.117},
  title           = {Advancing The Cancer Genome Atlas glioma MRI collections with expert segmentation labels and radiomic features},
  year            = {2017}
}

@article{MedT,
  author          = {Jeya Maria Jose Valanarasu and Poojan Oza and Ilker Hacihaliloglu and Vishal M. Patel},
  number          = {arXiv:2102.10662},
  title           = {Medical Transformer: Gated Axial-Attention for Medical Image Segmentation},
  volume          = {18},
  year            = {2021}
}

@article{Transformers,
  author          = { Dosovitskiy, A. and Beyer, L. and Kolesnikov, A. and Weissenborn, D. and Zhai  X. and Unterthiner,
T. and Dehghani, M. and Minderer, M. and Heigold, G. and Gelly, S.},
  journal         = {arXiv},
  number          = {arXiv:2010.11929 },
  title           = {An image is worth 16x16 words: Transformers for image recognition at scale},
  year            = {2020}
}

@article{SelfAttention,
  author          = {Ashish Vaswani and Noam Shazeer and Niki Parmar and Jakob Uszkoreit and Llion Jones and 
  Aidan N. Gomez and Lukasz Kaiser and Illia Polosukhin},
  journal         = {arxiv},
  number          = {arXiv:1706.03762 },
  title           = {Attention Is All You Need},
  volume          = {15},
  year            = {2017}
}

@article{ATerUnet,
  author          = {Xiangyi Yan and Hao Tang and Shanlin Sun and Haoyu Ma and 
  Deying Kong and Xiaohui Xie},
  journal         = {arxiv},
  number          = {	arXiv:2110.10403},
  title           = {AFTer-UNet: Axial Fusion Transformer UNet for
Medical Image Segmentation},
  volume          = {11},
  year            = {2021}
}

@article{VitVNet,
  author          = {Junyu Chen and Yufan He and Eric C. Frey and Ye Li and Yong Du},
  journal         = {arxiv},
  number          = {arXiv:2104.06468 },
  title           = {ViT-V-Net: Vision Transformer for Unsupervised
Volumetric Medical Image Registration},
  volume          = {9},
  year            = {2021}
}



@article{VNet,
  author          = {Fausto Milletari and Nassir Navab and Seyed-Ahmad Ahmadi},
  journal         = {Fourth international
conference on 3D vision (3DV)},
  title           = {V-net: Fully convolutional
neural networks for volumetric medical image segmentation},
  volume          = {6},
  year            = {2016}
}

@article{CaraNet,
  author          = {Ange Lou and Shuyue Guan and Hanseok Ko and Murray Loew},
  journal         = {arxiv},
  number          = {	arXiv:2108.07368 },
  title           = {CaraNet: Context Axial Reverse Attention Network for Segmentation of Small Medical Objects},
  volume          = {12},
  year            = {2021}
}




@article{PraNet,
  author          = {Fan, D. P. and Ji, G. P. and Zhou, T. and Chen, G. and Fu, H. and Shen, J. and & Shao, L.},
  journal         = {International Conference on Medical Image Computing and Computer-Assisted
Intervention },
  title           = {Pranet: Parallel reverse attention
network for polyp segmentation},
  volume          = {10},
  year            = {2020}
}

@article{3DSelfSuper,
  author          = {Aiham Taleb and Winfried Loetzsch and 
  Noel Danz and Julius Severin and Thomas Gaertner and Benjamin Bergner and Christoph Lippert},
  journal         = {arXiv},
  number          = {	arXiv:2006.03829},
  title           = {3D Self-Supervised Methods for Medical Imaging},
  volume          = {19},
  year            = {2020}
}



@article{CPC,
  author          = {Aäron van den Oord and Yazhe Li and Oriol Vinyals},
  journal         = {arXiv},
  number          = {abs/1807.03748},
  title           = {Representation learning with contrastive predictive
coding},

  year            = {2018}
}