 
 @article{MedicTherms,
   journal         = {Клинические рекомендации},
   title           = {Первичные опухоли центральной нервной системы},

   year            = {2019}
 }
 
 @book{MolNeuro,
   author         = {Горбунова, В.Н. and Имянитов Е.Н. and Ледащева, Т.А. and Емацко, Д.Е. and Никифоров, Б.М. },
   publisher      = {Интермедика},
   title          = {Молекулярная неврология, часть III Опухоли головного мозга, онкогены и антионкогены},
   year           = {2004}
 }
 
 
 
 @article{NormRes,
   author          = {Emmanuelle, Bourigault and Daniel, R. McGowan and Abolfazl,  Mehranian and Bartlomiej, W. Papie˙z},
   journal         = {arXiv:2111.03848v1},
   number          = {eess.IV},
   title           = {Multimodal PET/CT Tumour Segmentation and
Prediction of Progression-Free Survival using a
Full-Scale UNet with Attention},
  
   year            = {2021}
 }



@article{Unet,
  author          = {Ronneberger, O. and Fischer, P. and Brox T. },
  journal         = {International Conference on Medical image computing and computer-assisted intervention},
  title           = {U-net: Convolutional networks for biomedical image segmentation.},

  year            = {2015}
}


@article{Cascaded,
  author          = {Lachinov,  Dmitry  and Vasiliev, Evgeny  and Turlapov, Vadim},
  journal         = {	arXiv:1810.04008},
  number          = {cs.CV},
  title           = {Glioma Segmentation with Cascaded Unet},

  year            = {2018}
}



@article{BraTS,
  author          = { S., Bakas and  H., Akbari and A., Sotiras and M., Bilello and M., Rozycki and J.S., Kirby},
  journal         = {Nature Scientific Data},
  number          = {10.1038/sdata.2017.117},
  title           = {Advancing The Cancer Genome Atlas glioma MRI collections with expert segmentation labels and radiomic features},
  year            = {2017}
}

@article{MedT,
  author          = {Jeya Maria Jose Valanarasu and Poojan Oza and Ilker Hacihaliloglu and Vishal M. Patel},
  number          = {arXiv:2102.10662},
  title           = {Medical Transformer: Gated Axial-Attention for Medical Image Segmentation},

  year            = {2021}
}

@article{Transformers,
  author          = { Dosovitskiy, A. and Beyer, L. and Kolesnikov, A. and Weissenborn, D. and Zhai  X. and Unterthiner,
T. and Dehghani, M. and Minderer, M. and Heigold, G. and Gelly, S.},
  journal         = {arXiv},
  number          = {arXiv:2010.11929 },
  title           = {An image is worth 16x16 words: Transformers for image recognition at scale},
  year            = {2020}
}

@article{SelfAttention,
  author          = {Ashish Vaswani and Noam Shazeer and Niki Parmar and Jakob Uszkoreit and Llion Jones and 
  Aidan N. Gomez and Lukasz Kaiser and Illia Polosukhin},
  journal         = {arxiv},
  number          = {arXiv:1706.03762 },
  title           = {Attention Is All You Need},

  year            = {2017}
}



@article{ATerUnet,
  author          = {Xiangyi Yan and Hao Tang and Shanlin Sun and Haoyu Ma and 
  Deying Kong and Xiaohui Xie},
  journal         = {arxiv},
  number          = {	arXiv:2110.10403},
  title           = {AFTer-UNet: Axial Fusion Transformer UNet for
Medical Image Segmentation},
  volume          = {11},
  year            = {2021}
}

@article{VitVNet,
  author          = {Junyu Chen and Yufan He and Eric C. Frey and Ye Li and Yong Du},
  journal         = {arxiv},
  number          = {arXiv:2104.06468 },
  title           = {ViT-V-Net: Vision Transformer for Unsupervised
Volumetric Medical Image Registration},

  year            = {2021}
}



@article{VNet,
  author          = {Fausto Milletari and Nassir Navab and Seyed-Ahmad Ahmadi},
  journal         = {Fourth international
conference on 3D vision (3DV)},
  title           = {V-net: Fully convolutional
neural networks for volumetric medical image segmentation},

  year            = {2016}
}

@article{CaraNet,
  author          = {Ange Lou and Shuyue Guan and Hanseok Ko and Murray Loew},
  journal         = {arxiv},
  number          = {	arXiv:2108.07368 },
  title           = {CaraNet: Context Axial Reverse Attention Network for Segmentation of Small Medical Objects},
 
  year            = {2021}
}




@article{PraNet,
  author          = {Fan, D. P. and Ji, G. P. and Zhou, T. and Chen, G. and Fu, H. and Shen, J. and & Shao, L.},
  journal         = {International Conference on Medical Image Computing and Computer-Assisted
Intervention },
  title           = {Pranet: Parallel reverse attention
network for polyp segmentation},

  year            = {2020}
}

@article{3DSelfSuper,
  author          = {Aiham Taleb and Winfried Loetzsch and 
  Noel Danz and Julius Severin and Thomas Gaertner and Benjamin Bergner and Christoph Lippert},
  journal         = {arXiv},
  number          = {	arXiv:2006.03829},
  title           = {3D Self-Supervised Methods for Medical Imaging},

  year            = {2020}
}



@article{CPC,
  author          = {Aäron van den Oord and Yazhe Li and Oriol Vinyals},
  journal         = {arXiv},
  number          = {abs/1807.03748},
  title           = {Representation learning with contrastive predictive
coding},

  year            = {2018}
}

@article{ann1,
  author          = {Joseph Stember and Hrithwik Shalu},
  journal         = {arXiv},
  number          = {arXiv:2102.02895},
  title           = {Deep reinforcement learning-based image classification achieves perfect testing set accuracy for MRI brain tumors with a training set of only 30 images},

  year            = {2021}
}



@article{ann1_1,
  author          = {Joseph Stember and Hrithwik Shalu},
  journal         = {arXiv preprint},
  number          = {arXiv:2008.02708 },
  title           = {Deep reinforcement learning to detect brain lesions on MRI: a proof-of-concept application of reinforcement
learning to medical images},
  year            = {2020}
}

@article{ann1_2,
  author          = {Joseph Stember and Hrithwik Shalu},
  journal         = {arXiv preprint},
  number          = { arXiv:2012.13321 },
  title           = {Unsupervised deep clustering and
reinforcement learning can accurately segment MRI brain tumors with
very small training sets},
  year            = {2020}
}

@article{ann1_3,
  author          = {Joseph Stember and Hrithwik Shalu},
  journal         = {arXiv preprint},
  number          = {arXiv:2010.10763},
  title           = {Reinforcement learning using
Deep Q Networks and Q learning accurately localizes brain tumors on
MRI with very small training sets},
  year            = {2020}
}

@article{ann2,
  author          = {Evan Schwab and André Gooßen and Hrishikesh Deshpande and Axel Saalbach},

  number          = {arXiv:2001.08817},
  title           = {Localization of Critical Findings in Chest X-Ray without Local Annotations Using Multi-Instance Learning},

  year            = {2020}
}

@article{VGG,
  author          = {Karen Simonyan and Andrew Zisserman},
  
  number          = {arXiv:1409.1556},
  title           = {Very Deep Convolutional Networks for Large-Scale Image Recognition
},
  year            = {2015}
}

@article{ann3,
  author          = {Wenqi Li and Guotai Wang and Lucas Fidon and Sebastien Ourselin and M. Jorge Cardoso and Tom Vercauteren},
  number          = {	arXiv:1707.01992 },
  title           = {On the Compactness, Efficiency, and Representation of 3D Convolutional Networks: Brain Parcellation as a Pretext Task},
  year            = {2017}
}

@article{ann4,
  author          = {Ling Huang and Su Ruan and Pierre Decazes and Thierry Denoeux},
  journal         = {},
  number          = {arXiv:2104.13293},
  title           = {Evidential segmentation of 3D PET/CT images},
  volume          = {},
  year            = {2021}
}

@article{ann5,
  author          = {Siqi Li and Guobao Wang},
  number          = {arXiv:2110.01174},
  title           = {Deep Kernel Representation for Image Reconstruction in PET},
  year            = {2021}
}

@article{ann9,
  author          = {Fumio Hashimoto and Kibo Ote},
  number          = {arXiv:2109.00768},
  title           = {Direct PET Image Reconstruction Incorporating Deep Image Prior and a Forward Projection Model},
  year            = {2021}
}

@article{ann10,
  author          = {Avi Ben-Cohen and Eyal Klang and Stephen P. Raskin and 
  Michal Marianne Amitai and Hayit Greenspan},
  number          = { arXiv:1707.09585v1},
  title           = {Virtual PET Images from CT Data Using Deep Convolutional Networks: Initial Results},
  year            = {2017}
}

@article{ann11,
  author          = {Christos Matsoukas and Johan Fredin Haslum and Magnus Söderberg and Kevin Smith},
  number          = {arXiv:2108.09038},
  title           = {Is it Time to Replace CNNs with Transformers for Medical Images?},
  year            = {2021}
}

@article{ann14,
  author          = {Yamen Ali and Aiham Taleb and Marina M. -C. Höhne and Christoph Lippert},
 
  number          = {	arXiv:2109.14288 },
  title           = {Self-Supervised Learning for 3D Medical Image Analysis using 3D SimCLR and Monte Carlo Dropout},

  year            = {2021}
}

@article{ann15,
  author          = {Yutong Xie and Jianpeng Zhang and Zehui Liao and 
  Yong Xia and Chunhua Shen},
  number          = {arXiv:2011.12640},
  title           = {PGL: Prior-Guided Local Self-supervised Learning for 3D Medical Image Segmentation},
  year            = {2020}
}

@article{ann16,
  author          = {Adrit Rao and Jongchan Park and Sanghyun Woo and Joon-Young Lee and Oliver Aalami},
  number          = {arXiv:2109.01486},
  title           = {Studying the Effects of Self-Attention for Medical Image Analysis},
  year            = {2021}
}

@article{ann17,
  author          = {Hossein Aboutalebi and Maya Pavlova and Hayden Gunraj 
  and Mohammad Javad Shafiee and Ali Sabri and Amer Alaref and Alexander Wong},
  number          = {arXiv:2110.06063},
  title           = {MEDUSA: Multi-scale Encoder-Decoder Self-Attention Deep Neural Network Architecture for Medical Image Analysis},
  year            = {2021}
}


@article{ann19,
  author          = {Olivier Petit and Nicolas Thome and Clément Rambour and Luc Soler},
  number          = {arXiv:2103.06104},
  title           = {U-Net Transformer: Self and Cross Attention for Medical Image Segmentation},
  year            = {2021}
}

